@misc{p5js,
  	auhor = {Lauren McCarthy},
  	title = {p5.js},
  	howpublished = {Free Software Foundation, version 2.1.},
  	url   = {http://p5js.org/},
}

@misc{ace,
	auhor = {Ajax.org B.V},
  	title = {Ace Code Editor},
  	howpublished = {Free Software Foundation, version 2.1.},
  	year = {2010},
  	url   = {https://ace.c9.io},
}